@MISC{github,
  author = {P치l Bal치zs},
  title = {ELTE Computer Simulations 2019 --- GitHub},
  year = {2019},
  url = {https://github.com/masterdesky/ELTE_Comp_Simulations_2019},
  note = {[Online; opened at April 1, 2019]}
}
@MISC{yt,
  author = {},
  title = {P치l Bal치zs's Channel --- YouTube},
  year = {2019},
  url = {https://www.youtube.com/channel/UCBDSB7PdQ3E9l9WSBsTy7cQ},
  note = {[Online; opened at April 1, 2019]}
}