@MISC{hazi1,
  author = {Pál Balázs},
  title = {ELTE Stochastic Processes 2019 --- GitHub},
  year = {2019},
  url = {https://github.com/masterdesky/ELTE_Stochastic_processes_2019},
  note = {[Online; accessed February 22, 2019]}
}

@MISC{diffusion,
  author = {Tristan Ursell},
  title = {Diffusion of Solid Particles Confined in a Viscous Fluid},
  year = {2005},
  url = {http://rpdata.caltech.edu/courses/aph162/2006/Protocols/diffusion.pdf},
  note = {[Online; accessed February 23, 2019]}
}

@book{perrin1910brownian,
  title={Brownian Movement and Molecular Reality},
  author={Perrin, J. B.},
  url={http://web.mit.edu/swangroup/footer/perrin_bm.pdf},
  year={1910},
  publisher={Taylor and Francis, Red Lion Court, Fleet Street}
}

@book{perrin1909mouvement,
  title={Mouvement brownien et r{\'e}alit{\'e} mol{\'e}culaire},
  author={Perrin, J. B.},
  url={https://books.google.hu/books?id=U6weHQAACAAJ},
  year={1909},
  publisher={Masson et Cie, {\'E}diteurs}
}

@MISC{perrinwiki,
  author = {{Wikipedia, the free encyclopedia}},
  title = {Brownian motion},
  year = {2015},
  url = {https://commons.wikimedia.org/wiki/File:PerrinPlot2.svg},
  note = {[Online; accessed February 23, 2019]}
}

@MISC{maitotoxin,
  author = {National Center for Biotechnology Information},
  title = {PubChem Compound Database; CID=71460273},
  year = {2013},
  url = {https://pubchem.ncbi.nlm.nih.gov/compound/71460273},
  note = {[Online; accessed February 24, 2019]}
}

@article{watson1953molecular,
  title={Molecular structure of nucleic acids},
  author={Watson, James D. and Crick, Francis H. C. and others},
  journal={Nature},
  volume={171},
  number={4356},
  pages={737--738},
  year={1953}
}

@article{chromosome,
  author = {Annunziato, A.},
  title = {DNA Packaging: Nucleosomes and Chromatin},
  year = {2008},
  journal = {Nature Education 1(1):26},
  url = {https://www.nature.com/scitable/topicpage/dna-packaging-nucleosomes-and-chromatin-310},
  note = {[Online; accessed February 24, 2019]}
}