@MISC{meanfreepath,
  author = {C. R. Nave},
  title = {Mean Free Path},
  year = {2001},
  url = {http://hyperphysics.phy-astr.gsu.edu/hbase/Kinetic/menfre.html},
  note = {[Online; accessed March 4, 2019]}
}

@MISC{mfponsealevel,
  author = {{K.S.W. Champion, A.E. Cole, and A.J. Kantor}},
  title = {Standard and Reference Atmospheres},
  year = {2001},
  url = {http://citeseerx.ist.psu.edu/viewdoc/download?doi=10.1.1.455.9475&rep=rep1&type=pdf},
  note = {[Online; accessed March 5, 2019]}
}

@MISC{diffusivity,
  author = {Engineering ToolBox},
  title = {Air - Diffusion Coefficients of Gases in Excess of Air},
  year = {2018},
  url = {https://www.engineeringtoolbox.com/air-diffusion-coefficient-gas-mixture-temperature-d_2010.html},
  note = {[Online; accessed March 5, 2019]}
}

@ARTICLE{jennings1988mean,
  title={The mean free path in air},
  author={Jennings, SG},
  journal={Journal of Aerosol Science},
  volume={19},
  number={2},
  pages={159--166},
  year={1988},
  publisher={Elsevier}
}

@mastersthesis{hilhorst2011stabilisation,
  title={Stabilisation of linear time-invariant systems subject to output saturation},
  author={Hilhorst, Gijs},
  year={2011},
  school={University of Twente}
}