@ARTICLE{2013ChPhL..30h8901T,
       author = {{Tsekov}, Roumen},
        title = "{Brownian Markets}",
      journal = {Chinese Physics Letters},
     keywords = {Quantitative Finance - Statistical Finance, Condensed Matter - Statistical Mechanics},
         year = "2013",
        month = "Aug",
       volume = {30},
          eid = {088901},
        pages = {088901},
          doi = {10.1088/0256-307X/30/8/088901},
archivePrefix = {arXiv},
       eprint = {1010.2061},
 primaryClass = {q-fin.ST},
       adsurl = {https://ui.adsabs.harvard.edu/\#abs/2013ChPhL..30h8901T},
      adsnote = {Provided by the SAO/NASA Astrophysics Data System}
}

@article{croson2005gambler,
  title={The gambler’s fallacy and the hot hand: Empirical data from casinos},
  author={Croson, Rachel and Sundali, James},
  journal={Journal of risk and uncertainty},
  volume={30},
  number={3},
  pages={195--209},
  year={2005},
  publisher={Springer}
}

@ARTICLE{2007cond.mat..1242G,
       author = {{Garcia-Palacios}, J.~L.},
        title = "{Introduction to the theory of stochastic processes and Brownian motion problems}",
      journal = {arXiv e-prints},
     keywords = {Condensed Matter - Statistical Mechanics, Physics - Data Analysis, Statistics and Probability},
         year = "2007",
        month = "Jan",
          eid = {cond-mat/0701242},
        pages = {cond-mat/0701242},
archivePrefix = {arXiv},
       eprint = {cond-mat/0701242},
 primaryClass = {cond-mat.stat-mech},
       adsurl = {https://ui.adsabs.harvard.edu/\#abs/2007cond.mat..1242G},
      adsnote = {Provided by the SAO/NASA Astrophysics Data System}
}

@MISC{randwalk,
    title = {Brownian Motion},
    author = {Nino Zanghì},
    year = {2015},
    url = {https://www.ge.infn.it/~zanghi/FS/BrownTEXT.pdf}
}

@article{bearup2016revisiting,
  title={Revisiting Brownian motion as a description of animal movement: a comparison to experimental movement data},
  author={Bearup, Daniel and Benefer, Carly M and Petrovskii, Sergei V and Blackshaw, Rod P},
  journal={Methods in Ecology and Evolution},
  volume={7},
  number={12},
  pages={1525--1537},
  year={2016},
  publisher={Wiley Online Library}
}

@article{brillinger2003simulating,
  title={Simulating constrained animal motion using stochastic differential equations},
  author={Brillinger, David R},
  journal={Lecture Notes-Monograph Series},
  pages={35--48},
  year={2003},
  publisher={JSTOR}
}

@article{pozdnyakov2014modeling,
  title={On modeling animal movements using Brownian motion with measurement error},
  author={Pozdnyakov, Vladimir and Meyer, Thomas and Wang, Yu-Bo and Yan, Jun},
  journal={Ecology},
  volume={95},
  number={2},
  pages={247--253},
  year={2014},
  publisher={Wiley Online Library}
}