@article{dejaeger2001energy,
  title={The energy cost of walking in children},
  author={DeJaeger, Dominique and Willems, Patrick A and Heglund, Norman C},
  journal={Pfl{\"u}gers Archiv},
  volume={441},
  number={4},
  pages={538--543},
  year={2001},
  publisher={Springer}
}

@incollection{larusdottir2011evacuation,
  title={Evacuation dynamics of children--walking speeds, flows through doors in daycare centers},
  author={Larusdottir, Aldis Run and Dederichs, AS},
  booktitle={Pedestrian and Evacuation Dynamics},
  pages={139--147},
  year={2011},
  publisher={Springer}
}

@article{cavagna1983mechanics,
  title={The mechanics of walking in children.},
  author={Cavagna, GA and Franzetti, P and Fuchimoto, T},
  journal={The Journal of physiology},
  volume={343},
  number={1},
  pages={323--339},
  year={1983},
  publisher={Wiley Online Library}
}

@article{gill2016relationship,
  title={The relationship between foot arch measurements and walking parameters in children},
  author={Gill, Simone V and Keimig, Sara and Kelty-Stephen, Damian and Hung, Ya-Ching and DeSilva, Jeremy M},
  journal={BMC pediatrics},
  volume={16},
  number={1},
  pages={15},
  year={2016},
  publisher={BioMed Central}
}