@MISC{github,
  author = {Pál Balázs},
  title = {ELTE Computer Simulations 2019 --- GitHub},
  year = {2019},
  url = {https://github.com/masterdesky/ELTE_Stochastic_processes_2019},
  note = {[Online; opened at May 1, 2019]}
}