@MISC{wiki:onkalo,
  author = {},
  title = {Onkalo spent nuclear fuel repository --- {W}ikipedia{,} The Free Encyclopedia},
  url = {https://en.wikipedia.org/wiki/Onkalo_spent_nuclear_fuel_repository},
  note = {[Online; accessed March 18, 2019]}
}

@article{yamaguchi1997effective,
  title={Effective diffusivity of the uranyl ion in a granite from Inada, Ibaraki, Japan},
  author={Yamaguchi, Tetsuji and Sakamoto, Yoshiaki and Nakayama, Shinichi and Vandergraaf, Tjalle T},
  journal={Journal of contaminant hydrology},
  volume={26},
  number={1-4},
  pages={109--117},
  year={1997},
  publisher={Elsevier}
}

@article{idemitsu1991diffusivity,
  author = {Idemitsu, Kazuya and Furuya, Hifumi and Murayama, Kenji and Inagaki, Yaohiro},
  year = {1991},
  month = {01},
  pages = {},
  title = {Diffusivity of Uranium(VI) in Water-Saturated Inada Granite.},
  volume = {257},
  journal = {MRS Proceedings},
  publisher = {Cambridge University Press},
  doi = {10.1557/PROC-257-625}
}

@inproceedings{medvevd2018varying,
  title={Varying coefficients of diffusion of $^{133}$Ba$^{2+}$ and $^{137}$Cs$^{+}$ in granite},
  author={Medve{\v{d}}, Igor and {\v{C}}ern{\`y}, Robert},
  booktitle={AIP Conference Proceedings},
  volume={1978},
  number={1},
  pages={080007},
  year={2018},
  organization={AIP Publishing}
}

@article{bondi1964van,
  title={van der Waals volumes and radii},
  author={Bondi, A.},
  journal={The Journal of physical chemistry},
  volume={68},
  number={3},
  pages={441--451},
  year={1964},
  publisher={ACS Publications}
}

@article{mantina2009consistent,
  title={Consistent van der Waals radii for the whole main group},
  author={Mantina, Manjeera and Chamberlin, Adam C and Valero, Rosendo and Cramer, Christopher J and Truhlar, Donald G},
  journal={The Journal of Physical Chemistry A},
  volume={113},
  number={19},
  pages={5806--5812},
  year={2009},
  publisher={ACS Publications}
}

@article{heatbath,
  title={Interacting spins in a heat bath},
  author={Rácz, Zoltán},
  pages={2},
  year={2016},
  url={http://cgl.elte.hu/~racz/2-Ising-spins.pdf}
}