@MISC{hw3,
  author = {Pál Balázs},
  title = {ELTE Stochastic Processes 2019 --- GitHub},
  year = {2019},
  url = {https://github.com/masterdesky/ELTE_Stochastic_processes_2019/},
  note = {[Online; accessed March 13, 2019]}
}